<?xml version="1.0" encoding="UTF-8"?><collection xmlns="http://www.loc.gov/MARC21/slim"><record><leader>00471nam--2200181-i-4500</leader><controlfield tag="001">000002541</controlfield><controlfield tag="002">20161230</controlfield><controlfield tag="005">20161230201025</controlfield><controlfield tag="008">060222s1000------------r-----000-0-eng-d</controlfield><datafield ind1=" " ind2=" " tag="040"><subfield code="a">IFIN-HH</subfield></datafield><datafield ind1=" " ind2=" " tag="080"><subfield code="a">532.783</subfield></datafield><datafield ind1="1" ind2=" " tag="100"><subfield code="a">Meier, G</subfield></datafield><datafield ind1="1" ind2="0" tag="245"><subfield code="a">Applications of liquid crystals</subfield><subfield code="c">G. Meier, S. Sackmann, J.G. Grabmier</subfield></datafield><datafield ind1=" " ind2=" " tag="260"><subfield code="a">Berlin, Springer Verlag, 1975</subfield></datafield><datafield ind1=" " ind2=" " tag="300"><subfield code="a">164 P</subfield></datafield><datafield ind1="1" ind2=" " tag="700"><subfield code="a">Grabmier, J.G</subfield></datafield><datafield ind1=" " ind2=" " tag="852"><subfield code="a">43204</subfield><subfield code="c">532</subfield></datafield><datafield ind1=" " ind2=" " tag="CAT"><subfield code="a">Sys</subfield><subfield code="c">20100721</subfield><subfield code="h">102819</subfield></datafield></record></collection>